@book{NBF:15,
 author = {Arvind Narayanan, Joseph Bonneau, Edward Felten, Andrew Miller, Steven Goldfeder},
 title = {Bitcoin and Cryptocurrency Technologies},
 year = 2015
}

@book{BoV:04,
 author = {S. Boyd and L. Vandenberghe},
 title = {Convex Optimization},
 publisher = {Cambridge University Press},
 year = 2004,
 url = {https://piazza.com/princeton/spring2015/btctech/resources}
}

@book{Ng:15,
 author = {Andrew Ng},
 title = {CS 229 Lecture Notes},
 year = 2015,
 url = {http://cs229.stanford.edu/materials.html}
}

@MISC{Hsu10apractical,
    author = {Chih-wei Hsu and Chih-chung Chang and Chih-jen Lin},
    title = {A practical guide to support vector classification },
    year = {2010}
}

@ARTICLE{Na08,
AUTHOR={Satoshi Nakamoto},
TITLE={Bitcoin: A Peer-to-Peer Electronic Cash System},
YEAR=2008
}
